@article{ozier2019,
	author = {Ozier, Owen},
	title = {Replication Redux: The Reproducibility Crisis and the Case of Deworming},
	journaltitle = {World Bank Policy Research Working Paper},
	year    = {2019},
	number = {8835},
	url = {http://documents.worldbank.org/curated/en/118271556632669793/pdf/Replication-Redux-The-Reproducibility-Crisis-and-the-Case-of-Deworming.pdf}
}

@misc{gertler2018make,
  title={How to make replication the norm},
  author={Gertler, Paul and Galiani, Sebastian and Romero, Mauricio},
  year={2018},
  publisher={Nature Publishing Group},
  url = {https://www.nature.com/articles/d41586-018-02108-9}
}

@article{christensen2018transparency,
  title={Transparency, reproducibility, and the credibility of economics research},
  author={Christensen, Garret and Miguel, Edward},
  journal={Journal of Economic Literature},
  volume={56},
  number={3},
  pages={920--80},
  year={2018},
  url = {https://www.nber.org/papers/w22989.pdf}
}

@article{brodeur2018methods,
  title={Methods matter: P-hacking and causal inference in economics},
  author={Brodeur, Abel and Cook, Nikolai and Heyes, Anthony G},
  year={2018},
  publisher={IZA Discussion Paper},
  url = {http://ftp.iza.org/dp11796.pdf}
}

@misc{ioannidis2017power,
  title={The power of bias in economics research},
  author={Ioannidis, John PA and Stanley, Tom D and Doucouliagos, Hristos},
  year={2017},
  publisher={Oxford University Press Oxford, UK},
  url = {https://www.hoplofobia.info/wp-content/uploads/2015/10/2017-The-Power-of-Bias-in-Economics-Research.pdf}
}

@article{hamermesh2007replication,
  title={Replication in economics},
  author={Hamermesh, Daniel S},
  journal={Canadian Journal of Economics/Revue canadienne d'{\'e}conomique},
  volume={40},
  number={3},
  pages={715--733},
  year={2007},
  publisher={Wiley Online Library},
  url = {https://www.nber.org/papers/w13026.pdf}
}

@incollection{maniadis2015make,
  title={How to make experimental economics research more reproducible: Lessons from other disciplines and a new proposal},
  author={Maniadis, Zacharias and Tufano, Fabio and List, John A},
  booktitle={Replication in experimental economics},
  pages={215--230},
  year={2015},
  publisher={Emerald Group Publishing Limited},
  url = {http://eprints.nottingham.ac.uk/32996/7/Maniadis_Tufano_List\%202015\%20REXE\%20-\%20UoN\%20Repository\%20-\%20Emerald\%20Statem\%20.pdf}
}

@report{bankofrussiampr201501,
  title={Monetary Policy Report for 1Q15},
  author={{Bank~of~Russia}},
  year={2015},
  url = {http://cbr.ru/Collection/Collection/File/8359/2015_01_ddcp_e.pdf}
}

@report{borodin2014,
  title={Структурное макроэкономическое моделирование для целей центрального банка},
  author={Бородин, Aлександр},
  year={2014}
}

@report{bgpp2008,
  title={Оценка потенциального выпуска и других ненаблюдаемых переменных в рамках модели трансмиссионного механизма монетарной политики (на примере России)},
  author={Бородин, Aлександр and Горбова, Eлена and Плотников, Cергей and Плущевская, {\CYRYU}лия},
  year={2008}
}

@article{belongia2016evolution,
  title={The evolution of US monetary policy: 2000--2007},
  author={Belongia, Michael T and Ireland, Peter N},
  journal={Journal of Economic Dynamics and Control},
  volume={73},
  pages={78--93},
  year={2016},
  publisher={Elsevier}
}


@article{smetswouters2007,
Author = {Smets, Frank and Wouters, Rafael},
Title = {Shocks and Frictions in US Business Cycles: A Bayesian DSGE Approach},
Journal = {American Economic Review},
Volume = {97},
Number = {3},
Year = {2007},
Month = {June},
Pages = {586-606},
DOI = {10.1257/aer.97.3.586},
URL = {http://www.aeaweb.org/articles?id=10.1257/aer.97.3.586}}

@article{nunn2011potato,
  title={The potato's contribution to population and urbanization: evidence from a historical experiment},
  author={Nunn, Nathan and Qian, Nancy},
  journal={The quarterly journal of economics},
  volume={126},
  number={2},
  pages={593--650},
  year={2011},
  publisher={Oxford University Press}
}